@article{andersen2012noxdroid,
	title={NoxDroid – A Bicycle Sensor System for Air Pollution Monitoring},
	author={A. Andersen, P. Krøgholt, S. Bierre, A. Tabard},
	year={2012}
}
@misc{hansen2012sinoxsense,
  title={SiNOxSense: A textile-based wearable simple NOx sensing system},
  author={Hansen, Kasper Benjamin and Kuraszynska, Natalia},
  year={2012}
}
@article{hansen2010sinox,
  title={SiNOx Sense-Simple NOx Sensing, Reacting and Collection In The Wild},
  author={Hansen, Kasper Benjamin and Kuraszynska, Natalia},
  year={2010}
}
@inproceedings{tudose2011mobile,
  title={Mobile sensors in air pollution measurement},
  author={Tudose, Dan {\c{S}}tefan and P{\u{a}}tra{\c{s}}cu, Nicolae and Voinescu, Andrei and Tataroiu, Razvan and {\c{T}}{\u{a}}pu{\c{s}}, Nicolae},
  booktitle={Positioning Navigation and Communication (WPNC), 2011 8th Workshop on},
  pages={166--170},
  year={2011},
  organization={IEEE}
},
@article{al2010mobile,
  title={A mobile GPRS-sensors array for air pollution monitoring},
  author={Al-Ali, AR and Zualkernan, Imran and Aloul, Fadi},
  journal={Sensors Journal, IEEE},
  volume={10},
  number={10},
  pages={1666--1671},
  year={2010},
  publisher={IEEE}
}